@book{mazur,
  author    = {Eric Mazur}, 
  title     = {Peer Instruction},
  publisher = {Prentice Hall, Inc.},
  year      = 1997,
  isbn      = {0-13-565441-6}
}

@book{howpeoplelearn,
  added-at = {2010-12-03T07:53:41.000+0100},
  biburl = {https://www.bibsonomy.org/bibtex/21e0d23da830130d66ebac221ed7476f1/yish},
  editor = {D.Bransford, John and L.Brown, Ann and R.Cocking, Rodney},
  interhash = {8498e459d1d5fc45b76feb854ffc7982},
  intrahash = {1e0d23da830130d66ebac221ed7476f1},
  keywords = {asld-book design education ldg learning learningdesigngrid},
  publisher = {The National Academies Press},
  timestamp = {2012-01-05T14:31:00.000+0100},
  title = {How People Learn: Brain, Mind, Experience, and School: Expanded Edition},
  url = {http://www.nap.edu/catalog.php?record_id=9853},
  year = 2000
}

@misc{phet,
  author = {University of Colorado},
  title = {{Physics Education Technology}},
  howpublished = "\url{https://phet.colorado.edu/}",
  year = {2018}, 
}

@article{Aartsen:2016xlq,
      author         = "Aartsen, M. G. and others",
      title          = "{Observation and Characterization of a Cosmic Muon
                        Neutrino Flux from the Northern Hemisphere using six years
                        of IceCube data}",
      collaboration  = "IceCube",
      journal        = "Astrophys. J.",
      volume         = "833",
      year           = "2016",
      number         = "1",
      pages          = "3",
      doi            = "10.3847/0004-637X/833/1/3",
      eprint         = "1607.08006",
      archivePrefix  = "arXiv",
      primaryClass   = "astro-ph.HE",
      SLACcitation   = "%%CITATION = ARXIV:1607.08006;%%"
}

@article{Askaryan:1962hbi,
      author         = "Askar'yan, G. A.",
      title          = "{Excess negative charge of an electron-photon shower and
                        its coherent radio emission}",
      journal        = "Sov. Phys. JETP",
      volume         = "14",
      year           = "1962",
      number         = "2",
      pages          = "441-443",
      note           = "[Zh. Eksp. Teor. Fiz.41,616(1961)]",
      SLACcitation   = "%%CITATION = SPHJA,14,441;%%"
}

@ARTICLE{1962JPSJS..17C.257A,
   author = {{Askaryan}, G.~A.},
    title = "{Excess Negative Charge of the Electron-Photon Shower and Coherent Radiation Originating from It. Radio Recording of Showers under the Ground and on the Moon}",
  journal = {Journal of the Physical Society of Japan Supplement},
     year = 1962,
   volume = 17,
    pages = {257},
   adsurl = {http://adsabs.harvard.edu/abs/1962JPSJS..17C.257A},
  adsnote = {Provided by the SAO/NASA Astrophysics Data System}
}

@ARTICLE{1965JETP...21..658A,
   author = {{Askar'yan}, G.~A.},
    title = "{Coherent Radio Emission from Cosmic Showers in Air and in Dense Media}",
  journal = {Soviet Journal of Experimental and Theoretical Physics},
     year = 1965,
    month = sep,
   volume = 21,
    pages = {658},
   adsurl = {http://adsabs.harvard.edu/abs/1965JETP...21..658A},
  adsnote = {Provided by the SAO/NASA Astrophysics Data System}
}

@article{barrella_barwick_saltzberg_2011, title={Ross Ice Shelf (Antarctica) in situ radio-frequency attenuation}, volume={57}, DOI={10.3189/002214311795306691}, number={201}, journal={Journal of Glaciology}, publisher={Cambridge University Press}, author={Barrella, Taylor and Barwick, Steven and Saltzberg, David}, year={2011}, pages={61–66}}

@article{barwick_besson_gorham_saltzberg_2005, title={South Polar in situ radio-frequency ice attenuation}, volume={51}, DOI={10.3189/172756505781829467}, number={173}, journal={Journal of Glaciology}, publisher={Cambridge University Press}, author={Barwick, S. and Besson, D. and Gorham, P. and Saltzberg, D.}, year={2005}, pages={231–238}}

@article{Gorham:2008dv,
      author         = "Gorham, P. W. and others",
      title          = "{The Antarctic Impulsive Transient Antenna Ultra-high
                        Energy Neutrino Detector Design, Performance, and
                        Sensitivity for 2006-2007 Balloon Flight}",
      collaboration  = "ANITA",
      journal        = "Astropart. Phys.",
      volume         = "32",
      year           = "2009",
      pages          = "10-41",
      doi            = "10.1016/j.astropartphys.2009.05.003",
      eprint         = "0812.1920",
      archivePrefix  = "arXiv",
      primaryClass   = "astro-ph",
      SLACcitation   = "%%CITATION = ARXIV:0812.1920;%%"
}

@article{Barwick:2014pca,
      author         = "Barwick, S. W. and others",
      title          = "{A First Search for Cosmogenic Neutrinos with the ARIANNA
                        Hexagonal Radio Array}",
      collaboration  = "ARIANNA",
      journal        = "Astropart. Phys.",
      volume         = "70",
      year           = "2015",
      pages          = "12-26",
      doi            = "10.1016/j.astropartphys.2015.04.002",
      eprint         = "1410.7352",
      archivePrefix  = "arXiv",
      primaryClass   = "astro-ph.HE",
      SLACcitation   = "%%CITATION = ARXIV:1410.7352;%%"
}

@article{Kravchenko:2001id,
      author         = "Kravchenko, I. and others",
      title          = "{Performance and simulation of the RICE detector}",
      collaboration  = "RICE",
      journal        = "Astropart. Phys.",
      volume         = "19",
      year           = "2003",
      pages          = "15-36",
      doi            = "10.1016/S0927-6505(02)00194-9",
      eprint         = "astro-ph/0112372",
      archivePrefix  = "arXiv",
      primaryClass   = "astro-ph",
      SLACcitation   = "%%CITATION = ASTRO-PH/0112372;%%"
}

@article{Allison:2015eky,
      author         = "Allison, P. and others",
      title          = "{Performance of two Askaryan Radio Array stations and
                        first results in the search for ultrahigh energy
                        neutrinos}",
      collaboration  = "ARA",
      journal        = "Phys. Rev.",
      volume         = "D93",
      year           = "2016",
      number         = "8",
      pages          = "082003",
      doi            = "10.1103/PhysRevD.93.082003",
      eprint         = "1507.08991",
      archivePrefix  = "arXiv",
      primaryClass   = "astro-ph.HE",
      SLACcitation   = "%%CITATION = ARXIV:1507.08991;%%"
}

@article{hanson2015, title={Radar absorption, basal reflection, thickness and polarization measurements from the Ross Ice Shelf, Antarctica}, volume={61}, DOI={10.3189/2015JoG14J214}, number={227}, journal={Journal of Glaciology}, publisher={Cambridge University Press}, author={Hanson, Jordan C. and Barwick, Steven W. and Berg, Eric C. and Besson, Dave Z. and Duffin, Thorin J. and Klein, Spencer R. and Kleinfelder, Stuart A. and Reed, Corey and Roumi, Mahshid and Stezelberger, Thorsten and et al.}, year={2015}, pages={438–446}}

@article{horizPaper,
  author={S.W. Barwick and E.C. Berg and D.Z. Besson and G. Gaswint and C. Glaser and A. Hallgren and J.C. Hanson and S.R. Klein and S.
Kleinfelder and L. Köpke and I. Kravchenko and R. Lahmann and U. Latif and J. Nam and A. Nelles and C. Persichilli and P.
Sandstrom and J. Tatar and E. Unger},
  title={Observation of classically `forbidden' electromagnetic wave propagation and implications for neutrino detection.},
  journal={Journal of Cosmology and Astroparticle Physics},
  volume={2018},
  number={07},
  pages={055},
  url={http://stacks.iop.org/1475-7516/2018/i=07/a=055},
  year={2018}
}

@article{orban2017a,
  author = {Orban, Chris and Porter, Chris and Smith, Joseph R H and Brecht, Nash K and Britt, Chris A and Teeling-Smith, Richelle M and Harper, Kathy A},
  year = {2017},
  title = {A Game-Centered, Interactive Approach for Using Programming Exercises in Introductory Physics},
  journal = {arXiv:1701.01867},
  publisher = {arXiv.org}
}